@article{IMU_Euler,
doi = {10.1088/1361-6501/abcefa},
url = {https://dx.doi.org/10.1088/1361-6501/abcefa},
publisher = {IOP Publishing},
volume = {32},
number = {4},
pages = {045104},
author = {Zhou, Qifan and Li, Zheng and Yu, Guizhen and Li, Huazhi and Zhang, Na},
title = {A novel adaptive Kalman filter for Euler-angle-based MEMS IMU/magnetometer attitude estimation},
}
@article{Euler_angles,
  title={Euler angles},
  author={Weisstein, Eric W},
  journal={https://mathworld. wolfram. com/},
  year={2009},
  publisher={Wolfram Research, Inc.}
}
@article{EKS_IMU_cv,
  title={Pose estimation of a mobile robot based on fusion of IMU data and vision data using an extended Kalman filter},
  author={Alatise, Mary B and Hancke, Gerhard P},
  journal={Sensors},
  volume={17},
  number={10},
  pages={2164},
  year={2017},
  publisher={MDPI}
}
@inproceedings{aruco_pose,
  title={An improvement on aruco marker for pose tracking using kalman filter},
  author={Kam, Ho Chuen and Yu, Ying Kin and Wong, Kin Hong},
  booktitle={2018 19th IEEE/ACIS International Conference on Software Engineering, Artificial Intelligence, Networking and Parallel/Distributed Computing (SNPD)},
  pages={65--69},
  year={2018},
  organization={IEEE}
}